@techreport{Laney2001,
  author      = {Laney, Doug},
  title       = {3D Data Management: Controlling Data Volume, Velocity, and Variety},
  institution = {META Group},
  year        = {2001},
  type        = {Laporan teknis},
  note        = {Dicetak ulang 2012; dikutip secara luas sebagai kerangka 3V} 
}

@incollection{Kitchin2016,
  author    = {Kitchin, Rob},
  title     = {Big Data -- Hype or Revolution?},
  booktitle = {The SAGE Handbook of Social Media Research Methods},
  editor    = {Sloan, Luke and Quan-Haase, Anabel},
  pages     = {27--38},
  publisher = {SAGE},
  address   = {London},
  year      = {2016},
  doi       = {10.4135/9781473983847.n3}
}

@book{Sharda2020,
  author    = {Sharda, Ramesh and Delen, Dursun and Turban, Efraim},
  title     = {Analytics, Data Science, \& Artificial Intelligence: Systems for Decision Support},
  edition   = {11},
  publisher = {Pearson},
  year      = {2020},
  isbn      = {9780135192016}
}

@article{Lennerholt2021,
  author  = {Lennerholt, Christian and van Laere, Joeri and S{\"o}derstr{\"o}m, Eva},
  title   = {User-related challenges of self-service business intelligence},
  journal = {Information Systems Management},
  year    = {2021},
  volume  = {38},
  number  = {4},
  pages   = {311--326},
  doi     = {10.1080/10580530.2020.1814458}
}

@article{Lennerholt2023,
  author  = {Lennerholt, Christian and van Laere, Joeri and S{\"o}derstr{\"o}m, Eva},
  title   = {Success factors for managing the SSBI challenges of the AQUIRE framework},
  journal = {Journal of Decision Systems},
  year    = {2023},
  volume  = {32},
  number  = {4},
  pages   = {417--438},
  doi     = {10.1080/12460125.2022.2057006}
}

@article{Gao2023,
  author  = {Gao, Dongxiang and Fan, Zhenyu and Huo, Shuo and Cheng, Reynold and Zhang, Yudian and Luo, Jianzhong},
  title   = {Text-to-SQL Empowered by Large Language Models},
  journal = {Proceedings of the VLDB Endowment},
  year    = {2023},
  volume  = {17},
  number  = {5},
  pages   = {1132--1145},
  doi     = {10.14778/3641204.3641221}
}

@article{Li2024,
  author  = {Li, Boyan and Luo, Yuyu and Chai, Chengliang and Li, Guoliang and Tang, Nan},
  title   = {The Dawn of Natural Language to SQL: Are We Fully Ready?},
  journal = {Proceedings of the VLDB Endowment},
  year    = {2024},
  volume  = {17},
  number  = {12},
  pages   = {3318--3331},
  doi     = {10.14778/3681954.3682003}
}

@article{Lim2021,
  author  = {Lim, Bryan and Zohren, Stefan},
  title   = {Time-series forecasting with deep learning: a survey},
  journal = {Philosophical Transactions of the Royal Society A},
  year    = {2021},
  volume  = {379},
  number  = {2194},
  pages   = {20200209},
  doi     = {10.1098/rsta.2020.0209}
}

@article{Benidis2020,
  author  = {Benidis, Konstantinos and Rangapuram, Syama Sundar and Flunkert, Valentin and Wang, Yuyang and Maddix, Danielle and T{\"u}rkmen, Caner and Gasthaus, Jan and Bohlke{-}Schneider, Michael and Salinas, David and Stella, Lorenzo and Aubet, Francois{-}Xavier and Callot, Laurent and Januschowski, Tim},
  title   = {Deep Learning for Time Series Forecasting: Tutorial and Literature Survey},
  journal = {arXiv preprint arXiv:2004.10240},
  year    = {2020},
  doi     = {10.48550/arXiv.2004.10240},
  note    = {Versi selanjutnya dirujuk dalam ACM Computing Surveys (2022)}  
}

@article{Gatt2018,
  author  = {Gatt, Albert and Krahmer, Emiel},
  title   = {Survey of the state of the art in natural language generation: Core tasks, applications and evaluation},
  journal = {Journal of Artificial Intelligence Research},
  year    = {2018},
  volume  = {61},
  pages   = {65--170},
  doi     = {10.1613/jair.5477}
}

@article{Dale2020,
  author  = {Dale, Robert},
  title   = {Natural language generation: The commercial state of the art in 2020},
  journal = {Natural Language Engineering},
  year    = {2020},
  volume  = {26},
  number  = {4},
  pages   = {481--487},
  doi     = {10.1017/S135132492000025X}
}

@online{IndiBiz2024Site,
  author  = {{PT Telkom Indonesia}},
  title   = {IndiBiz---Ekosistem Solusi Dunia Usaha Indonesia},
  year    = {2024},
  url     = {https://indibiz.co.id/},
  urldate = {2025-10-22}
}

@online{Telkom2024News,
  author  = {{PT Telkom Indonesia}},
  title   = {UMKM Cuan 463 Juta Rupiah dari Digiland 2024},
  year    = {2024},
  month   = {8},
  day     = {13},
  url     = {https://www.telkom.co.id/sites/berita/id_ID/news/umkm-cuan-463-juta-rupiah-dari-digiland-2024-2480},
  urldate = {2025-10-22}
}